@book{Thrun:2005:PR:1121596,
 author = {Thrun, Sebastian and Burgard, Wolfram and Fox, Dieter},
 title = {Probabilistic Robotics (Intelligent Robotics and Autonomous Agents)},
 year = {2005},
 isbn = {0262201623},
 publisher = {The MIT Press},
}

% Copyright (c) 2010-2016, Mathieu Labbe - IntRoLab - Universite de Sherbrooke All rights reserved.
% BSD 3-Clause "New" or "Revised" License
@article{Labbe:2015:IntRoLab:RTABMap,
 author = {Labb√©, Mathieu},
 title = {Simultaneous Localization and Mapping (SLAM) with RTAB-Map)},
 year = {2015},
 publisher = {IntRoLab},
}

@INPROCEEDINGS{labbe14online, 
  author={Labbe, M. and Michaud, F.}, 
  booktitle={Proceedings of the IEEE/RSJ International Conference on Intelligent Robots and Systems}, 
  title={{Online Global Loop Closure Detection for Large-Scale Multi-Session Graph-Based SLAM}}, 
  year={2014}, 
  month={Sept}, 
  pages={2661-2666} 
}